<collection xmlns="http://www.loc.gov/MARC21/slim">
<record>
  <leader>01496nam0a22002651i 450 </leader>
  <controlfield tag="001">IT\ICCU\CNCE\079822</controlfield>
  <controlfield tag="005">20180105000000.0</controlfield>
  <datafield tag="012" ind1=" " ind2=" ">
    <subfield code="a">o.,&amp; e.o. i-de prdr (C) 1553 (R)</subfield>
    <subfield code="2">fei</subfield>
  </datafield>
  <datafield tag="100" ind1=" " ind2=" ">
    <subfield code="a">20180105d1553        0itac0103    ba</subfield>
  </datafield>
  <datafield tag="101" ind1=" " ind2=" ">
    <subfield code="a">ITA</subfield>
  </datafield>
  <datafield tag="102" ind1=" " ind2=" ">
    <subfield code="a">IT</subfield>
  </datafield>
  <datafield tag="200" ind1="1" ind2=" ">
    <subfield code="a">Opera amorosa che insegna a componer lettere, et a rispondere a persone d&apos;amor ferite, ouer in amor uiuenti, in toscha lingua composta, con piacer non poco, &amp; diletto di tutti gli amanti, laqual \sic! si chiama il Rifugio di amanti</subfield>
  </datafield>
  <datafield tag="210" ind1=" " ind2=" ">
    <subfield code="d">1553</subfield>
    <subfield code="e">In Venetia</subfield>
    <subfield code="g">per Francesco Bindoni</subfield>
    <subfield code="h">1553</subfield>
  </datafield>
  <datafield tag="215" ind1=" " ind2=" ">
    <subfield code="a">\32! c.</subfield>
    <subfield code="d">8ʻ</subfield>
  </datafield>
  <datafield tag="620" ind1=" " ind2=" ">
    <subfield code="a">IT</subfield>
    <subfield code="d">Venezia</subfield>
  </datafield>
  <datafield tag="700" ind1=" " ind2="1">
    <subfield code="a">Tagliente,</subfield>
    <subfield code="b">Giovanni Antonio</subfield>
    <subfield code="3">IT\ICCU\CNCA\008152</subfield>
  </datafield>
  <datafield tag="712" ind1="0" ind2="0">
    <subfield code="a">Bindoni, Francesco</subfield>
    <subfield code="c"> &lt;1.&gt;</subfield>
    <subfield code="3">IT\ICCU\CNCT\001037</subfield>
    <subfield code="4">650</subfield>
  </datafield>
  <datafield tag="790" ind1=" " ind2="1">
    <subfield code="a">Tagliente,</subfield>
    <subfield code="b">Giovannantonio</subfield>
    <subfield code="3">IT\ICCU\CNCA\024691</subfield>
    <subfield code="z">Tagliente, Giovanni Antonio</subfield>
  </datafield>
  <datafield tag="790" ind1=" " ind2="1">
    <subfield code="a">Taiente,</subfield>
    <subfield code="b">Ioanni Antonio</subfield>
    <subfield code="3">IT\ICCU\CNCA\024692</subfield>
    <subfield code="z">Tagliente, Giovanni Antonio</subfield>
  </datafield>
  <datafield tag="791" ind1="0" ind2="0">
    <subfield code="a">Bindonis, Franciscus de</subfield>
    <subfield code="3">IT\ICCU\CNCT\004384</subfield>
    <subfield code="z">Bindoni, Francesco &lt;1.&gt;</subfield>
  </datafield>
  <datafield tag="791" ind1="0" ind2="0">
    <subfield code="a">Bindonus, Franciscus</subfield>
    <subfield code="c"> &lt;1&gt;</subfield>
    <subfield code="3">IT\ICCU\CNCT\004385</subfield>
    <subfield code="z">Bindoni, Francesco &lt;1.&gt;</subfield>
  </datafield>
  <datafield tag="801" ind1=" " ind2="3">
    <subfield code="a">IT</subfield>
    <subfield code="b">ICCU</subfield>
    <subfield code="c">20201115</subfield>
  </datafield>
  <datafield tag="899" ind1=" " ind2=" ">
    <subfield code="a">Biblioteche della Fondazione Giorgio Cini onlus. Venezia</subfield>
    <subfield code="1">VE0239</subfield>
    <subfield code="2">VEA FC</subfield>
  </datafield>
  <datafield tag="911" ind1=" " ind2=" ">
    <subfield code="a">Nel colophon</subfield>
    <subfield code="9">IT\ICCU\CNCM\000285</subfield>
  </datafield>
  <datafield tag="921" ind1=" " ind2=" ">
    <subfield code="a">IT\ICCU\CNCM\000285</subfield>
    <subfield code="b">Arcangelo Raffaele e Tobiolo (angelo che tiene accanto a s ̌un bambino con un pesce). A sinistra un cane</subfield>
    <subfield code="c">Z90</subfield>
    <subfield code="d">Dimensioni: 4,8 x 5,6</subfield>
    <subfield code="f">ARCANGELO</subfield>
    <subfield code="f">CANE</subfield>
    <subfield code="f">PESCE</subfield>
    <subfield code="f">BAMBINO</subfield>
    <subfield code="g">[non prima del 1523]-1556</subfield>
  </datafield>
</record>
</collection>
